% This file was created with JabRef 2.10.
% Encoding: Cp1252


@TechReport{cppdraft,
  Title                    = {N3797: {W}orking {D}raft, {S}tandard for {P}rogramming {L}anguage {\Cpp}},
  Author                   = {{\Cpp Standards Committee and others}},
  Institution              = {{\Cpp} standards committee paper},
  Year                     = {2013},
  Note                     = {\url{https://isocpp.org/files/papers/N3797.pdf}}
}

@TechReport{cpp11,
  Title                    = {{ISO/IEC} 14882: 2011, {S}tandard for {P}rogramming {L}anguage {\Cpp}},
  Author                   = {{\Cpp Standards Committee and others}},
  Institution              = {{ISO/IEC}},
  Year                     = {2011},
  Note                     = {\url{http://www.open-std.org/jtc1/sc22/wg21}},

  Owner                    = {Marcel},
  Timestamp                = {2014.08.20}
}

@Book{bourbaki,
  Title                    = {Th{\'e}orie des ensembles},
  Author                   = {Bourbaki, Nicolas},
  Publisher                = {Springer},
  Year                     = {2006},

  Owner                    = {Marcel},
  Timestamp                = {2014.08.25}
}

@InBook{pref,
  Title                    = {Binary relations and preference modeling},
  Author                   = {Bouyssou, Denis and Vincke, Philippe},
  Chapter                  = {2},
  Pages                    = {49--84},
  Publisher                = {Wiley Online Library},
  Year                     = {2010},

  Journal                  = {Decision-making Process: Concepts and Methods},
  Owner                    = {Marcel},
  Timestamp                = {2014.08.25},
  Url                      = {http://onlinelibrary.wiley.com/doi/10.1002/9780470611876.ch2/summary}
}

@TechReport{ieee754,
  Title                    = {{IEEE} {S}tandard for {F}loating-{P}oint {A}rithmetic},
  Author                   = {{IEEE}},
  Institution              = {IEEE Computer Society},
  Year                     = {2008},
  Month                    = {Aug},

  __markedentry            = {[Marcel:6]}
}

@TechReport{oleg1,
  Title                    = {N3950: {D}efaulted comparison operators},
  Author                   = {Oleg Smolsky},
  Institution              = {{\Cpp} standards committee paper},
  Year                     = {2014},
  Month                    = {February},
  Note                     = {\url{http://www.open-std.org/jtc1/sc22/wg21/docs/papers/2014/n3950.html}},

  Owner                    = {Marcel},
  Timestamp                = {2014.08.19}
}

@TechReport{oleg2,
  Title                    = {N4114: {D}efaulted comparison operators},
  Author                   = {Oleg Smolsky},
  Institution              = {{\Cpp} standards committee paper},
  Year                     = {2014},
  Month                    = {July},
  Note                     = {\url{http://www.open-std.org/jtc1/sc22/wg21/docs/papers/2014/n4114.htm}},

  Owner                    = {Marcel},
  Timestamp                = {2014.08.19}
}

@TechReport{oleg3,
  Title                    = {N4126: {E}xplicitly defaulted comparison operators},
  Author                   = {Oleg Smolsky},
  Institution              = {{\Cpp} standards committee paper},
  Year                     = {2014},
  Month                    = {July},
  Note                     = {\url{http://isocpp.org/files/papers/n4126.htm}}
}

@Book{HowToProveIt,
  Title                    = {How to prove it: a structured approach},
  Author                   = {Velleman, Daniel J},
  Publisher                = {Cambridge University Press},
  Year                     = {2006},

  __markedentry            = {[Marcel:]},
  Owner                    = {Marcel},
  Timestamp                = {2014.08.25}
}

